<?xml version="1.0" encoding="UTF-8"?><record xmlns="http://www.loc.gov/MARC21/slim" xmlns:cinclude="http://apache.org/cocoon/include/1.0" xmlns:zs="http://www.loc.gov/zing/srw/">
  <leader>01175nz  a2200205n  4500</leader>
  <controlfield tag="001">no2007153002</controlfield>
  <controlfield tag="003">DLC</controlfield>
  <controlfield tag="005">20071214075120.0</controlfield>
  <controlfield tag="008">071203n| acannaabn          |a ana     c</controlfield>
  <datafield tag="010" ind1=" " ind2=" ">
    <subfield code="a">no2007153002</subfield>
  </datafield>
  <datafield tag="035" ind1=" " ind2=" ">
    <subfield code="a">(OCoLC)oca07606253</subfield>
  </datafield>
  <datafield tag="040" ind1=" " ind2=" ">
    <subfield code="a">NjP</subfield>
    <subfield code="b">eng</subfield>
    <subfield code="c">NjP</subfield>
  </datafield>
  <datafield tag="110" ind1="2" ind2=" ">
    <subfield code="a">Jōsai Daigaku.</subfield>
    <subfield code="b">Kokusai Gakujutsu Bunka Shinkō Sentā</subfield>
  </datafield>
  <datafield tag="410" ind1="2" ind2=" ">
    <subfield code="a">Jōsai Daigaku.</subfield>
    <subfield code="b">International Center for the Promotion of Art and Science</subfield>
  </datafield>
  <datafield tag="410" ind1="2" ind2=" ">
    <subfield code="a">Josai International Center for the Promotion of Art and Science</subfield>
  </datafield>
  <datafield tag="410" ind1="2" ind2=" ">
    <subfield code="a">JICPAS</subfield>
  </datafield>
  <datafield tag="510" ind1="2" ind2=" ">
    <subfield code="w">a</subfield>
    <subfield code="a">Jōsai Daigaku.</subfield>
    <subfield code="b">Kokusai Bunka Kyōiku Sentā</subfield>
  </datafield>
  <datafield tag="670" ind1=" " ind2=" ">
    <subfield code="a">Review of Japanese culture and society, Dec. 2005:</subfield>
    <subfield code="b">t.p. (Josai International Center for the Promotion of Art and Science, Josai University)</subfield>
  </datafield>
  <datafield tag="670" ind1=" " ind2=" ">
    <subfield code="a">Kokusai Gakujutsu Bunka Shinkō Sentā, Gakkō Hōjin Jōsai Daigaku WWW site, July 5, 2007</subfield>
    <subfield code="b">(Kokusai Gakujutsu Bunka Shinkō Sentā, Jōsai Daigaku; Josai International Center for the Promotion of Art and Science; JICPAS)</subfield>
  </datafield>
  <datafield tag="670" ind1=" " ind2=" ">
    <subfield code="a">Nichi-Bei josei jānaru WWW site, July 5, 2007</subfield>
    <subfield code="b">(Jōsai Daigaku Kokusai Gakujutsu Bunka Shinkō Sentā; formerly known as Jōsai Daigaku Kokusai Bunka Kyōiku Sentā)</subfield>
  </datafield>
</record>